@inproceedings{cooper2010benchmarking,
  title={Benchmarking cloud serving systems with YCSB},
  author={Cooper, Brian F and Silberstein, Adam and Tam, Erwin and Ramakrishnan, Raghu and Sears, Russell},
  booktitle={Proceedings of the 1st ACM symposium on Cloud computing},
  pages={143--154},
  year={2010}
}

@article{fitzpatrick2004distributed,
  title={Distributed caching with memcached},
  author={Fitzpatrick, Brad},
  journal={Linux journal},
  volume={2004},
  number={124},
  pages={5},
  year={2004},
  publisher={Belltown Media Houston, TX}
}

@inproceedings{soares2010flexsc,
  title={$\{$FlexSC$\}$: Flexible system call scheduling with $\{$Exception-Less$\}$ system calls},
  author={Soares, Livio and Stumm, Michael},
  booktitle={9th USENIX Symposium on Operating Systems Design and Implementation (OSDI 10)},
  year={2010}
}